@incollection {lforcing,
    AUTHOR = {Jensen, Ronald},
     TITLE = {Subcomplete forcing and {$\mathcal{L}$}-forcing},
 BOOKTITLE = {{$E$}-recursion, forcing and {$C^*$}-algebras},
    SERIES = {Lect. Notes Ser. Inst. Math. Sci. Natl. Univ. Singap.},
    VOLUME = {27},
     PAGES = {83--182},
 PUBLISHER = {World Sci. Publ., Hackensack, NJ},
      YEAR = {2014},
   MRCLASS = {03E40 (03E35)},
  MRNUMBER = {2840749},
       DOI = {10.1142/9789814602648\_0002},
       URL = {https://doi-org.libproxy1.nus.edu.sg/10.1142/9789814602648_0002},
}

@article {schindler,
    AUTHOR = {Asper\'{o}, David and Schindler, Ralf},
     TITLE = {Martin's {M}aximum{$^{++}$} implies {W}oodin's axiom {$(*)$}},
   JOURNAL = {Ann. of Math. (2)},
  FJOURNAL = {Annals of Mathematics. Second Series},
    VOLUME = {193},
      YEAR = {2021},
    NUMBER = {3},
     PAGES = {793--835},
      ISSN = {0003-486X},
   MRCLASS = {03E57 (03E50 03E55)},
  MRNUMBER = {4250390},
MRREVIEWER = {Mohammad Golshani},
       DOI = {10.4007/annals.2021.193.3.3},
       URL = {https://doi-org.libproxy1.nus.edu.sg/10.4007/annals.2021.193.3.3},
}

@book {enderton,
    AUTHOR = {Enderton, Herbert B.},
     TITLE = {A mathematical introduction to logic},
   EDITION = {Second},
 PUBLISHER = {Harcourt/Academic Press, Burlington, MA},
      YEAR = {2001},
     PAGES = {xii+317},
      ISBN = {0-12-238452-0},
   MRCLASS = {03-01},
  MRNUMBER = {1801397},
MRREVIEWER = {Yehuda\ Rav},
}

@book {jechhrbacek,
    AUTHOR = {Hrbacek, Karel and Jech, Thomas},
     TITLE = {Introduction to set theory},
    SERIES = {Monographs and Textbooks in Pure and Applied Mathematics},
    VOLUME = {220},
   EDITION = {Third},
 PUBLISHER = {Marcel Dekker, Inc., New York},
      YEAR = {1999},
     PAGES = {xii+291},
      ISBN = {0-8247-7915-0},
   MRCLASS = {03-01 (03-02)},
  MRNUMBER = {1697766},
}

@MISC {bendb,
    TITLE = {Stationary Set Preserving Forcing, Side Conditions and Games},
    AUTHOR = {De Bondt, Ben},
    YEAR = {2024},
    HOWPUBLISHED = {PhD Thesis},
    PUBLISHER = {Universit\'{e} Paris Cit\'{e}},
}

@book {kechris,
    AUTHOR = {Kechris, Alexander S.},
     TITLE = {Classical descriptive set theory},
    SERIES = {Graduate Texts in Mathematics},
    VOLUME = {156},
 PUBLISHER = {Springer-Verlag, New York},
      YEAR = {1995},
     PAGES = {xviii+402},
      ISBN = {0-387-94374-9},
   MRCLASS = {03E15 (03-01 03-02 04A15 28A05 54H05 90D44)},
  MRNUMBER = {1321597},
MRREVIEWER = {Jakub\ Jasi\'{n}ski},
       DOI = {10.1007/978-1-4612-4190-4},
       URL = {https://doi.org/10.1007/978-1-4612-4190-4},
}

@article {prikry,
    AUTHOR = {Prikry, K. L.},
     TITLE = {Changing measurable into accessible cardinals},
   JOURNAL = {Dissertationes Math. (Rozprawy Mat.)},
  FJOURNAL = {Polska Akademia Nauk. Instytut Matematyczny. Dissertationes
              Mathematicae. Rozprawy Matematyczne},
    VOLUME = {68},
      YEAR = {1970},
     PAGES = {55},
      ISSN = {0012-3862},
   MRCLASS = {02.68},
  MRNUMBER = {262075},
MRREVIEWER = {A.\ M\'{a}t\'{e}},
}

@article {namba,
    AUTHOR = {Namba, Kanji},
     TITLE = {Independence proof of {$(\omega ,\,\omega \sb{\alpha
              })$}-distributive law in complete {B}oolean algebras},
   JOURNAL = {Comment. Math. Univ. St. Paul.},
  FJOURNAL = {Commentarii Mathematici Universitatis Sancti Pauli},
    VOLUME = {19},
      YEAR = {1971},
     PAGES = {1--12},
      ISSN = {0010-258X},
   MRCLASS = {02J05},
  MRNUMBER = {297548},
MRREVIEWER = {Andreas\ Blass},
}

@incollection {bukovsky,
    AUTHOR = {Bukovsk\'{y}, Lev},
     TITLE = {Changing cofinality of {$\aleph \sb{2}$}},
 BOOKTITLE = {Set theory and hierarchy theory ({P}roc. {S}econd {C}onf.,
              {B}ierutowice, 1975)},
    SERIES = {Lecture Notes in Math.},
    VOLUME = {Vol. 537},
     PAGES = {37--49},
 PUBLISHER = {Springer, Berlin-New York},
      YEAR = {1976},
   MRCLASS = {02K05},
  MRNUMBER = {432453},
MRREVIEWER = {F.\ R.\ Drake},
}

@book {kunen,
    AUTHOR = {Kunen, Kenneth},
     TITLE = {Set theory},
    SERIES = {Studies in Logic (London)},
    VOLUME = {34},
 PUBLISHER = {College Publications, London},
      YEAR = {2011},
     PAGES = {viii+401},
      ISBN = {978-1-84890-050-9},
   MRCLASS = {03-01 (03E05 03E10 03E35 03E40 03E45 03E50)},
  MRNUMBER = {2905394},
MRREVIEWER = {Klaas\ Pieter\ Hart},
}

@incollection {keisler,
    AUTHOR = {Keisler, H. Jerome},
     TITLE = {Forcing and the omitting types theorem},
 BOOKTITLE = {Studies in model theory},
    SERIES = {MAA Stud. Math.},
    VOLUME = {Vol. 8},
     PAGES = {96--133},
 PUBLISHER = {Math. Assoc. America, Buffalo, NY},
      YEAR = {1973},
   MRCLASS = {02H05},
  MRNUMBER = {337571},
MRREVIEWER = {James\ H.\ Schmerl},
}

@article {doebler,
    AUTHOR = {Doebler, Philipp and Schindler, Ralf},
     TITLE = {{$\Pi_2$} consequences of {$\mathsf{BMM}+\mathsf{NS}_{\omega_1}$}
              is precipitous and the semiproperness of stationary set
              preserving forcings},
   JOURNAL = {Math. Res. Lett.},
  FJOURNAL = {Mathematical Research Letters},
    VOLUME = {16},
      YEAR = {2009},
    NUMBER = {5},
     PAGES = {797--815},
      ISSN = {1073-2780},
   MRCLASS = {03E57 (03E05 03E35 03E40)},
  MRNUMBER = {2576698},
       DOI = {10.4310/MRL.2009.v16.n5.a4},
       URL = {https://doi.org/10.4310/MRL.2009.v16.n5.a4},
}

@article {cohen1,
    AUTHOR = {Cohen, Paul},
     TITLE = {The independence of the continuum hypothesis},
   JOURNAL = {Proc. Nat. Acad. Sci. U.S.A.},
  FJOURNAL = {Proceedings of the National Academy of Sciences of the United
              States of America},
    VOLUME = {50},
      YEAR = {1963},
     PAGES = {1143--1148},
      ISSN = {0027-8424},
   MRCLASS = {02.65},
  MRNUMBER = {157890},
MRREVIEWER = {A.\ Mostowski},
       DOI = {10.1073/pnas.50.6.1143},
       URL = {https://doi.org/10.1073/pnas.50.6.1143},
}

@article {cohen2,
    AUTHOR = {Cohen, Paul J.},
     TITLE = {The independence of the continuum hypothesis. {II}},
   JOURNAL = {Proc. Nat. Acad. Sci. U.S.A.},
  FJOURNAL = {Proceedings of the National Academy of Sciences of the United
              States of America},
    VOLUME = {51},
      YEAR = {1964},
     PAGES = {105--110},
      ISSN = {0027-8424},
   MRCLASS = {02.65},
  MRNUMBER = {159745},
MRREVIEWER = {A.\ Mostowski},
       DOI = {10.1073/pnas.51.1.105},
       URL = {https://doi.org/10.1073/pnas.51.1.105},
}

@incollection {fmw,
    AUTHOR = {Feng, Qi and Magidor, Menachem and Woodin, Hugh},
     TITLE = {Universally {B}aire sets of reals},
 BOOKTITLE = {Set theory of the continuum ({B}erkeley, {CA}, 1989)},
    SERIES = {Math. Sci. Res. Inst. Publ.},
    VOLUME = {26},
     PAGES = {203--242},
 PUBLISHER = {Springer, New York},
      YEAR = {1992},
   MRCLASS = {03E15 (03E55)},
  MRNUMBER = {1233821},
MRREVIEWER = {Jakub Jasi\'{n}ski},
       DOI = {10.1007/978-1-4613-9754-0_15},
       URL = {https://doi-org.libproxy1.nus.edu.sg/10.1007/978-1-4613-9754-0_15},
}

@book {woodin,
    AUTHOR = {Woodin, W. Hugh},
     TITLE = {The axiom of determinacy, forcing axioms, and the
              nonstationary ideal},
    SERIES = {De Gruyter Series in Logic and its Applications},
    VOLUME = {1},
   EDITION = {revised},
 PUBLISHER = {Walter de Gruyter GmbH \& Co. KG, Berlin},
      YEAR = {2010},
     PAGES = {vi+852},
      ISBN = {978-3-11-019702-0},
   MRCLASS = {03-02 (03E05 03E15 03E35 03E45 03E55 03E60)},
  MRNUMBER = {2723878},
MRREVIEWER = {A. Kanamori},
       DOI = {10.1515/9783110213171},
       URL = {https://doi-org.libproxy1.nus.edu.sg/10.1515/9783110213171},
}

@incollection {larson,
    AUTHOR = {Larson, Paul B.},
     TITLE = {Forcing over models of determinacy},
 BOOKTITLE = {Handbook of set theory. {V}ols. 1, 2, 3},
     PAGES = {2121--2177},
 PUBLISHER = {Springer, Dordrecht},
      YEAR = {2010},
   MRCLASS = {03E57 (03E35 03E45 03E55 03E60 03E65)},
  MRNUMBER = {2768703},
MRREVIEWER = {Ralf-Dieter Schindler},
       DOI = {10.1007/978-1-4020-5764-9_25},
       URL = {https://doi-org.libproxy1.nus.edu.sg/10.1007/978-1-4020-5764-9_25},
}

@misc{lietz,
      title={Forcing "$\mathrm{NS}_{\omega_1}$ is $\omega_1$-dense" From Large Cardinals}, 
      author={Andreas Lietz},
      year={2024},
      eprint={2403.09020},
      archivePrefix={arXiv},
      primaryClass={math.LO},
      url={https://arxiv.org/abs/2403.09020}, 
}